@online{logseq_sync,
    title = {How to Setup and Use Logseq Sync},
    url = {https://blog.logseq.com/how-to-setup-and-use-logseq-sync/},
    author = {Logseq},
    urldate = {2023-09-01},
    file = {How to Setup and Use Logseq Sync:/Users/deletosh/Zotero/storage/I3Y6LGHG/how-to-setup-and-use-logseq-sync.html:text/html},
}
